@book{missing,
  author = {\color{red}Missing-Citation}
}
